{
  "leader": "02547cam a2200433 i 4500",
  "fields": [
    {
      "001": "ocm01216341\\"
    },
    {
      "003": "OCoLC"
    },
    {
      "005": "20220708092916.0"
    },
    {
      "008": "750314s1963\\\\\\\\nyua\\\\\\\\\\b\\\\\\\\001\\0beng\\\\"
    },
    {
      "010": {
        "ind1": "\\",
        "ind2": "\\",
        "subfields": [
          {
            "a": "   63008464 "
          }
        ]
      }
    },
    {
      "040": {
        "ind1": "\\",
        "ind2": "\\",
        "subfields": [
          {
            "a": "DLC"
          },
          {
            "b": "eng"
          },
          {
            "c": "CSU"
          },
          {
            "d": "SER"
          },
          {
            "d": "XBM"
          },
          {
            "d": "OCL"
          },
          {
            "d": "WSU"
          },
          {
            "d": "OCLCQ"
          },
          {
            "d": "OCLCG"
          },
          {
            "d": "AU@"
          },
          {
            "d": "MLN"
          },
          {
            "d": "NIALS"
          },
          {
            "d": "OCLCQ"
          },
          {
            "d": "OCLCF"
          },
          {
            "d": "B3G"
          },
          {
            "d": "OCL"
          },
          {
            "d": "GVA"
          },
          {
            "d": "OCL"
          },
          {
            "d": "OCLCQ"
          },
          {
            "d": "NLC"
          },
          {
            "d": "OCLCQ"
          },
          {
            "d": "OCLCO"
          },
          {
            "d": "LUE"
          },
          {
            "d": "OCLCQ"
          },
          {
            "d": "GILDS"
          },
          {
            "d": "TYC"
          },
          {
            "d": "OCLCQ"
          },
          {
            "d": "CNO"
          },
          {
            "d": "OCLCQ"
          },
          {
            "d": "CPO"
          },
          {
            "d": "OCLCQ"
          },
          {
            "d": "WZW"
          },
          {
            "d": "IL4J6"
          },
          {
            "d": "OCLCO"
          },
          {
            "d": "OCLCQ"
          },
          {
            "d": "OCLCO"
          }
        ]
      }
    },
    {
      "016": {
        "ind1": "\\",
        "ind2": "\\",
        "subfields": [
          {
            "a": "(AMICUS)000002408131"
          }
        ]
      }
    },
    {
      "019": {
        "ind1": "\\",
        "ind2": "\\",
        "subfields": [
          {
            "a": "476563"
          },
          {
            "a": "492940423"
          },
          {
            "a": "640855710"
          },
          {
            "a": "978202778"
          },
          {
            "a": "1018066798"
          },
          {
            "a": "1037583597"
          },
          {
            "a": "1103577230"
          },
          {
            "a": "1168025436"
          },
          {
            "a": "1173140265"
          }
        ]
      }
    },
    {
      "035": {
        "ind1": "\\",
        "ind2": "\\",
        "subfields": [
          {
            "a": "(OCoLC)1216341"
          },
          {
            "z": "(OCoLC)476563"
          },
          {
            "z": "(OCoLC)492940423"
          },
          {
            "z": "(OCoLC)640855710"
          },
          {
            "z": "(OCoLC)978202778"
          },
          {
            "z": "(OCoLC)1018066798"
          },
          {
            "z": "(OCoLC)1037583597"
          },
          {
            "z": "(OCoLC)1103577230"
          },
          {
            "z": "(OCoLC)1168025436"
          },
          {
            "z": "(OCoLC)1173140265"
          }
        ]
      }
    },
    {
      "043": {
        "ind1": "\\",
        "ind2": "\\",
        "subfields": [
          {
            "a": "n-us-ny"
          }
        ]
      }
    },
    {
      "050": {
        "ind1": "0",
        "ind2": "0",
        "subfields": [
          {
            "a": "F124"
          },
          {
            "b": ".L532"
          }
        ]
      }
    },
    {
      "055": {
        "ind1": "0",
        "ind2": "1",
        "subfields": [
          {
            "a": "F124"
          }
        ]
      }
    },
    {
      "082": {
        "ind1": "0",
        "ind2": "0",
        "subfields": [
          {
            "a": "923.273"
          },
          {
            "b": "NEV"
          }
        ]
      }
    },
    {
      "100": {
        "ind1": "1",
        "ind2": "\\",
        "subfields": [
          {
            "a": "Nevins, Allan,"
          },
          {
            "d": "1890-1971."
          }
        ]
      }
    },
    {
      "245": {
        "ind1": "1",
        "ind2": "0",
        "subfields": [
          {
            "a": "Herbert H. Lehman and his era /"
          },
          {
            "c": "by Allan Nevins."
          }
        ]
      }
    },
    {
      "260": {
        "ind1": "\\",
        "ind2": "\\",
        "subfields": [
          {
            "a": "New York :"
          },
          {
            "b": "Scribner,"
          },
          {
            "c": "[1963]"
          }
        ]
      }
    },
    {
      "300": {
        "ind1": "\\",
        "ind2": "\\",
        "subfields": [
          {
            "a": "456 pages :"
          },
          {
            "b": "illustrations ;"
          },
          {
            "c": "24 cm"
          }
        ]
      }
    },
    {
      "336": {
        "ind1": "\\",
        "ind2": "\\",
        "subfields": [
          {
            "a": "text"
          },
          {
            "b": "txt"
          },
          {
            "2": "rdacontent"
          }
        ]
      }
    },
    {
      "337": {
        "ind1": "\\",
        "ind2": "\\",
        "subfields": [
          {
            "a": "unmediated"
          },
          {
            "b": "n"
          },
          {
            "2": "rdamedia"
          }
        ]
      }
    },
    {
      "338": {
        "ind1": "\\",
        "ind2": "\\",
        "subfields": [
          {
            "a": "volume"
          },
          {
            "b": "nc"
          },
          {
            "2": "rdacarrier"
          }
        ]
      }
    },
    {
      "504": {
        "ind1": "\\",
        "ind2": "\\",
        "subfields": [
          {
            "a": "Includes bibliographical references (pages 421-438) and index."
          }
        ]
      }
    },
    {
      "505": {
        "ind1": "0",
        "ind2": "\\",
        "subfields": [
          {
            "a": "When cotton seemed king -- Contrast of two brothers -- From college to counting house -- World war and its aftermath -- From Sulzer to Alfred E. Smith -- The rise of Franklin D. Roosevelt -- Helm of the state -- Battles front and rear -- Malice domestic and foreign levy -- Into war -- UNRRA: the organization of world relief -- The race against human ruin -- Dawn over the shambles -- Final rewards, and frustrations -- In the postwar reaction -- Angry new Senator -- McCarthyism: a still angrier Senator -- The lonely independent -- The last good fight -- Man and ideas."
          }
        ]
      }
    },
    {
      "600": {
        "ind1": "1",
        "ind2": "0",
        "subfields": [
          {
            "a": "Lehman, Herbert H."
          },
          {
            "q": "(Herbert Henry),"
          },
          {
            "d": "1878-1963."
          }
        ]
      }
    },
    {
      "651": {
        "ind1": "\\",
        "ind2": "0",
        "subfields": [
          {
            "a": "New York (State)"
          },
          {
            "x": "Politics and government"
          },
          {
            "y": "1865-1950."
          }
        ]
      }
    },
    {
      "600": {
        "ind1": "1",
        "ind2": "7",
        "subfields": [
          {
            "a": "Lehman, Herbert H."
          },
          {
            "q": "(Herbert Henry),"
          },
          {
            "d": "1878-1963."
          },
          {
            "2": "fast"
          },
          {
            "0": "(OCoLC)fst00197399"
          }
        ]
      }
    },
    {
      "650": {
        "ind1": "\\",
        "ind2": "7",
        "subfields": [
          {
            "a": "Politics and government"
          },
          {
            "2": "fast"
          },
          {
            "0": "(OCoLC)fst01919741"
          }
        ]
      }
    },
    {
      "651": {
        "ind1": "\\",
        "ind2": "7",
        "subfields": [
          {
            "a": "New York (State)"
          },
          {
            "2": "fast"
          },
          {
            "0": "(OCoLC)fst01210280"
          }
        ]
      }
    },
    {
      "648": {
        "ind1": "\\",
        "ind2": "7",
        "subfields": [
          {
            "a": "1865-1950"
          },
          {
            "2": "fast"
          }
        ]
      }
    },
    {
      "655": {
        "ind1": "\\",
        "ind2": "2",
        "subfields": [
          {
            "a": "Biography"
          }
        ]
      }
    },
    {
      "655": {
        "ind1": "\\",
        "ind2": "7",
        "subfields": [
          {
            "a": "Biographies."
          },
          {
            "2": "lcgft"
          }
        ]
      }
    },
    {
      "776": {
        "ind1": "0",
        "ind2": "8",
        "subfields": [
          {
            "i": "Online version:"
          },
          {
            "a": "Nevins, Allan, 1890-1971."
          },
          {
            "t": "Herbert H. Lehman and his era."
          },
          {
            "d": "New York, Scribner [1963]"
          },
          {
            "w": "(OCoLC)610117635"
          }
        ]
      }
    },
    {
      "994": {
        "ind1": "\\",
        "ind2": "\\",
        "subfields": [
          {
            "a": "Z0"
          },
          {
            "b": "NYRVC"
          }
        ]
      }
    },
    {
      "948": {
        "ind1": "\\",
        "ind2": "\\",
        "subfields": [
          {
            "h": "NO HOLDINGS IN NYRVC - 829 OTHER HOLDINGS"
          }
        ]
      }
    },
    {
      "999": {
        "ind1": "\\",
        "ind2": "\\",
        "subfields": [
          {
            "a": "00000000014220"
          }
        ]
      }
    }
  ]
}